
    </bib>
    <bib>
        <mms_id>99939680000541</mms_id>
        <record_format>marc21</record_format>
        <linked_record_id/>
        <title>The content of our character : a new vision of race in America /</title>
        <author>Steele, Shelby.</author>
        <isbn>006097415X (pbk.) :</isbn>
        <complete_edition>1st HarperPerennial ed.</complete_edition>
        <network_numbers>
            <network_number>(OCoLC)39159</network_number>
            <network_number>(TrN)39159-train20072_c2db</network_number>
            <network_number>ocm23692723</network_number>
        </network_numbers>
        <place_of_publication>New York, NY :</place_of_publication>
        <date_of_publication>1991.</date_of_publication>
        <publisher_const>HarperPerennial</publisher_const>
        <holdings link="https://api-eu.hosted.exlibrisgroup.com/almaws/v1/bibs/99939680000541/holdings"/>
        <created_by>import</created_by>
        <created_date>2011-12-17Z</created_date>
        <last_modified_by>OPR-RECALCULATION</last_modified_by>
        <last_modified_date>2016-07-08Z</last_modified_date>
        <suppress_from_publishing>false</suppress_from_publishing>
        <suppress_from_external_search>false</suppress_from_external_search>
        <sync_with_oclc>NONE</sync_with_oclc>
        <originating_system>ILS</originating_system>
        <originating_system_id>39159-train20072_c2db</originating_system_id>
        <record>
            <leader>00889cam a22002898a 4500</leader>
            <controlfield tag="001">99939680000541</controlfield>
            <controlfield tag="008">901226r19911990nyu           000 0 eng</controlfield>
            <controlfield tag="005">20160708100524.0</controlfield>
            <datafield ind1=" " ind2=" " tag="010">
                <subfield code="a">90056430</subfield>
            </datafield>
            <datafield ind1=" " ind2=" " tag="020">
                <subfield code="a">006097415X (pbk.) :</subfield>
                <subfield code="c">$8.95</subfield>
            </datafield>
            <datafield ind1=" " ind2=" " tag="035">
                <subfield code="a">ocm23692723</subfield>
            </datafield>
            <datafield ind1=" " ind2=" " tag="035">
                <subfield code="a">(TrN)39159-train20072_c2db</subfield>
            </datafield>
            <datafield ind1=" " ind2=" " tag="035">
                <subfield code="a">(OCoLC)39159</subfield>
            </datafield>
            <datafield ind1=" " ind2=" " tag="040">
                <subfield code="a">DLC</subfield>
                <subfield code="c">DLC</subfield>
                <subfield code="d">PMD</subfield>
                <subfield code="d">SHC</subfield>
            </datafield>
            <datafield ind1=" " ind2=" " tag="043">
                <subfield code="a">n-us---</subfield>
            </datafield>
            <datafield ind1=" " ind2=" " tag="049">
                <subfield code="a">SHCM</subfield>
            </datafield>
            <datafield ind1="0" ind2="0" tag="050">
                <subfield code="a">E185.615</subfield>
                <subfield code="b">.S74 1991</subfield>
            </datafield>
            <datafield ind1="0" ind2="0" tag="082">
                <subfield code="a">305.896/073</subfield>
                <subfield code="2">20</subfield>
            </datafield>
            <datafield ind1="1" ind2=" " tag="100">
                <subfield code="a">Steele, Shelby.</subfield>
            </datafield>
            <datafield ind1="1" ind2="4" tag="245">
                <subfield code="a">The content of our character :</subfield>
                <subfield code="b">a new vision of race in America /</subfield>
                <subfield code="c">Shelby Steele.</subfield>
            </datafield>
            <datafield ind1=" " ind2=" " tag="250">
                <subfield code="a">1st HarperPerennial ed.</subfield>
            </datafield>
            <datafield ind1=" " ind2=" " tag="260">
                <subfield code="a">New York, NY :</subfield>
                <subfield code="b">HarperPerennial,</subfield>
                <subfield code="c">1991.</subfield>
            </datafield>
            <datafield ind1=" " ind2=" " tag="263">
                <subfield code="a">9109</subfield>
            </datafield>
            <datafield ind1=" " ind2=" " tag="300">
                <subfield code="a">xii, 175 p. ;</subfield>
                <subfield code="c">21 cm.</subfield>
            </datafield>
            <datafield ind1=" " ind2=" " tag="590">
                <subfield code="a">$9.52  B&amp;T  10-25-94  (Davis)  RAB</subfield>
            </datafield>
            <datafield ind1=" " ind2="0" tag="650">
                <subfield code="a">Afro-Americans</subfield>
                <subfield code="x">Social conditions</subfield>
                <subfield code="y">1975-</subfield>
            </datafield>
            <datafield ind1=" " ind2="0" tag="651">
                <subfield code="a">United States</subfield>
                <subfield code="x">Race relations.</subfield>
            </datafield>
        </record>
    </bib>
</bibs>